@online{pipeline_github,
  author = {John Letey},
  title = {pipeline on GitHub},
  year = 2018,
  url = {https://github.com/mussles/pipeline},
  urldate = {2018-08-17}
}
